<record><leader>00000cas a22000007a 4500</leader><controlfield tag="001">1775353</controlfield><controlfield tag="008">751101d18831972mnuwr ne      0    0eng d</controlfield><datafield ind1=" " ind2=" " tag="010"><subfield code="a">sn 89064377 </subfield></datafield><datafield ind1=" " ind2=" " tag="040"><subfield code="a">MUL</subfield><subfield code="b">eng</subfield><subfield code="c">MUL</subfield><subfield code="d">NPX</subfield><subfield code="d">OCL</subfield><subfield code="d">MN#</subfield><subfield code="d">OCLCQ</subfield><subfield code="d">OCLCF</subfield><subfield code="d">OCLCO</subfield></datafield><datafield ind1=" " ind2=" " tag="042"><subfield code="a">msc</subfield></datafield><datafield ind1=" " ind2=" " tag="043"><subfield code="a">n-us-mn</subfield></datafield><datafield ind1=" " ind2=" " tag="052"><subfield code="a">4144</subfield><subfield code="b">F5</subfield></datafield><datafield ind1=" " ind2=" " tag="052"><subfield code="a">4143</subfield><subfield code="b">O6</subfield></datafield><datafield ind1="0" ind2="0" tag="245"><subfield code="a">Fergus Falls daily journal.</subfield></datafield><datafield ind1=" " ind2=" " tag="260"><subfield code="a">Fergus Falls, Minn. :</subfield><subfield code="b">A.J. Underwood,</subfield><subfield code="c">-1972.</subfield></datafield><datafield ind1=" " ind2=" " tag="300"><subfield code="a">v.</subfield></datafield><datafield ind1=" " ind2=" " tag="310"><subfield code="a">Daily (except Sundays and holidays)</subfield></datafield><datafield ind1="1" ind2=" " tag="362"><subfield code="a">Began in 1883.</subfield></datafield><datafield ind1="0" ind2=" " tag="362"><subfield code="a">-v. 99, no. 66 (Mar. 18, 1972).</subfield></datafield><datafield ind1=" " ind2=" " tag="530"><subfield code="a">Available on microfilm from the Minnesota Historical Society.</subfield></datafield><datafield ind1=" " ind2=" " tag="588"><subfield code="a">Description based on: Vol. 2, no. 2 (Aug. 24, 1883).</subfield></datafield><datafield ind1=" " ind2="0" tag="651"><subfield code="a">Fergus Falls (Minn.)</subfield><subfield code="v">Newspapers.</subfield></datafield><datafield ind1=" " ind2="7" tag="655"><subfield code="a">Newspapers.</subfield><subfield code="2">fast</subfield><subfield code="0">(OCoLC)fst01423814</subfield></datafield><datafield ind1=" " ind2="7" tag="651"><subfield code="a">Minnesota</subfield><subfield code="z">Fergus Falls.</subfield><subfield code="2">fast</subfield><subfield code="0">(OCoLC)fst01208412</subfield></datafield><datafield ind1=" " ind2=" " tag="752"><subfield code="a">United States</subfield><subfield code="b">Minnesota</subfield><subfield code="c">Otter Tail</subfield><subfield code="d">Fergus Falls.</subfield></datafield><datafield ind1="0" ind2=" " tag="775"><subfield code="t">Fergus Falls weekly journal</subfield><subfield code="w">(DLC)sn 89064380</subfield></datafield><datafield ind1="0" ind2="5" tag="780"><subfield code="t">Fergus Falls daily telegram</subfield><subfield code="w">(DLC)sn 89064389</subfield></datafield><datafield ind1="0" ind2="0" tag="785"><subfield code="t">Daily journal (Fergus Falls, Minn. : 1972)</subfield><subfield code="w">(DLC)sn 89064378</subfield></datafield></record>